@book{pva,
  author = {{Calum Iain Munro}},
  title  = {{Plan van Aanpak - Afstudeerproject: Allianz}},
  year   = 2018,
}
@book{bitcoinPaper,
  author = {{Nakamoto, Satoshi}},
  title  = {{Bitcoin: A peer-to-peer electronic cash system}},
  year   = 2008,
}
@book{kaptijn,
  author = {{Bas Kaptijn}, {Peter Bergman}, {Steven Gort}},
  title  = {{Blockchain}},
  year   = 2016,
  url	 = {https://www.ictu.nl/sites/default/files/documents/ICTU_Whitepaper_Blockchain.pdf}
}
@article{howBlockchainWorks,
    author={{Dhrubes Biswas}, {Charlotta Johnsson}, {Tim Minshall}, {Thas Nirmalathas}, {Zoran Perunovic}, {Ikhlaq Sidhu}},
    title={Applied Innovation Review, Issue No. 2 June 2016},
    year={2016},
}
@book{blockRev,
	title = {Blockchain revolution: how the technology behind bitcoin is changing money, business, and the world},
	author = {{Don Tapscott}, {Alex Tapscott}},
	year = {2016},
	city = {New York},
	publisher = {Portfolio / Penguin}
}
@online{privateBlockChains,
  author = {Vitalik Buterin},
  title = {On Public and Private Blockchains},
  year = 2015,
  url = {https://blog.ethereum.org/2015/08/07/on-public-and-private-blockchains/},
  urldate = {2015-07-07}
}
@online{hyperledger,
  title = {Blockchain Technologies for Business},
  url = {https://www.hyperledger.org/},
}
@online{linuxFoundation,
  title = {The Linux Foundation},
  url = {https://www.linuxfoundation.org/}
}
@online{oreillyScalability,
  title = {Blockchain scalability: A look at the stumbling blocks to blockchain scalability and some high-level technical solutions.},
  author = {Kieren James-Lubin},
  url = {https://www.oreilly.com/ideas/blockchain-scalability}
}
@online{mutlichain,
  title = {Multichain},
  url = {https://www.multichain.com/},
}
@book{ethWood,
	title = {ETHEREUM: A SECURE DECENTRALISED GENERALISED TRANSACTION LEDGER},
	author = {{DR. GAVIN WOOD}},
	year = {2014},
	url = {https://bravenewcoin.com/assets/Whitepapers/Ethereum-A-Secure-Decentralised-Generalised-Transaction-Ledger-Yellow-Paper.pdf}
}
@book{whitePaperEthereum,
	url = {http://www.the-blockchain.com/docs/Ethereum_white_paper-a_next_generation_smart_contract_and_decentralized_application_platform-vitalik-buterin.pdf},
	title = {A NEXT GENERATION SMART CONTRACT & DECENTRALIZED APPLICATION PLATFORM},
	author = {{Vitalik Buterin}}
}
@online{R3,
  title = {Inside R3CEV's Plot to Bring Distributed Ledgers to Wall Street},
  author = {{Stan Higgings}},
  url = {https://www.coindesk.com/r3cev-distributed-ledger-wall-street/}
}
@book{blochchainTechSymmbioticDev,
	title = {Block Chain Technologies & The Semantic Web: A Framework for Symbiotic Development},
	author = {{Matthew English}, {Soren Auer}, { John Domingue}},
	year = {2016},
	publisher = {Computer Science Con- ference for University of Bonn Students, J. Lehmann, H. Thakkar, L. Halilaj, and R. Asmat, Eds},
	url = {https://pdfs.semanticscholar.org/2fd3/7fed17e07c4ec04caefe7dcbcb16670fa2d8.pdf}
}
@book{blockchainIssuesAndChallenges,
	title = {A Survey of Blockchain Security Issues and Challenges},
	author = {{Iuon-Chang Lin}, {Tzu-Chun Liao}},
	year = {2017},
	month = sept,
	publisher = {Department of Photonics and Communication Engineering, Asia University},
	url = {http://ijns.jalaxy.com.tw/contents/ijns-v19-n5/ijns-2017-v19-n5-p653-659.pdf}
}
@book{masteringBitcoin,
	title = {Mastering Bitcoin (Second Edition, Second Print): Programming the Open Blockchain},
	author = {{Andreas M}},
	year = {2017},
	month = jun,
	url = {https://github.com/bitcoinbook/bitcoinbook/blob/develop/book.asciidoc}
}
@book{securityPOW,
	title = {On the security and performance of proof of work blockchains},
	author = {{Arthur Gervais}},
	year = {2016},
}
@book{posProtocol,
	title = {BlackCoinâ€™s Proof-of-Stake Protocol v2},
	url = {http://blackcoin.co/blackcoin-pos-protocol-v2-whitepaper.pdf},
	author = {Pavel Vasin}
}
@online{smartContracts,
  title = {Smart Contracts},
  author = {{Nick Szabo}},
  year = {1994},
  url = {http://www.fon.hum.uva.nl/rob/Courses/InformationInSpeech/CDROM/Literature/LOTwinterschool2006/szabo.best.vwh.net/smart.contracts.html}
}
@book{architectureForces,
	title = {Forces on Architecture Decisions},
	author = {{Uwe van Heesch}, {Paris Avgeriou}, {Rich Hilliard}},
	year = {2012},
	url = {http://www.cs.rug.nl/paris/papers/WICSA12b.pdf}
}
@book{stateNecessary,
	title = {Blockchain technology and decentralized governance: Is the state still necessary?},
	author = {{Marcella Atzori}},
	year = {2015}
}
@book{challengesOppertunities,
	title = {Blockchain Challenges and Opportunities: A Survey},
	author = {{Zibin Zheng}},
	year = {2016}
}